@book{maclane,
  title     = {Categories for the Working Mathematician},
  author    = {Mac Lane, Saunders},
  year      = {1978},
  publisher = {Springer-Verlag},
  address   = {New York}
}

@article{yoneda,
  title     = {On the homology theory of modules},
  author    = {Yoneda, Nobuo},
  journal   = {Journal of the Faculty of Science, University of Tokyo},
  volume    = {7},
  number    = {2},
  pages     = {193--227},
  year      = {1954}
}

@book{humor_theory,
  title     = {The Psychology of Humor: An Integrative Approach},
  author    = {Martin, Rod A.},
  year      = {2007},
  publisher = {Academic Press},
  address   = {Burlington, MA}
}

@article{mathematician_jokes,
  title     = {Why Mathematicians Can't Tell Jokes: A Quantitative Analysis},
  author    = {Humorist, Claude and Serious, Very},
  journal   = {Journal of Mathematical Humor},
  volume    = {0},
  number    = {0},
  pages     = {1--0},
  year      = {2025},
  note      = {This journal does not exist, much like mathematical humor}
}

@inproceedings{category_humor,
  title     = {The Empty Category of Funny Category Theory Jokes},
  author    = {Punster, P. and Groaner, G.},
  booktitle = {Proceedings of the International Conference on Mathematical Humor},
  year      = {2024},
  publisher = {Nonexistent Publishing},
  note      = {Conference canceled due to lack of actual humor}
}

@misc{eilenberg_mac_lane,
  title     = {General Theory of Natural Equivalences},
  author    = {Eilenberg, Samuel and Mac Lane, Saunders},
  year      = {1945},
  note      = {Devoid of jokes, despite numerous opportunities}
}